@comment{x-kbibtex-personnameformatting=<%l><, %f>}

@string{SV = "{Springer-Verlag}"}

@string{LNCS = "{LNCS}"}

@string{HASKELL = "{Proc. ACM {SIGPLAN} Symposium on {H}askell}"}

@string{PSI = "{Proc. Andrei Ershov International Conference on Perspectives of System Informatics (PSI)}"}

@string{TCS = "{Theoretical Computer Science}"}

@string{SAS = "{Proc. Symp. on Static Analysis}"}

@string{ESORICS = "{Proc. European Symp. on Research in Computer Security}"}

@string{ASIAN = "{Proc. of Asian Computing Science Conference}"}

@string{CSFW = "{Proc. IEEE Computer Sec. Foundations Workshop}"}

@string{POPL = "{Proc. ACM Symp. on Principles of Programming Languages}"}

@string{PLDI = "{Proc. ACM Conference on Programming Language Design and Implementation}"}

@string{CSF = "{Proc. IEEE Computer Sec. Foundations Symposium}"}

@string{SSP = "{Proc. IEEE Symp. on Security and Privacy}"}

@string{NDSS = "{Proc. Network and Distributed System Security Symposium}"}

@string{JCS = "{J. Computer Security}"}

@string{SOSP = "{Proc. ACM Symp. on Operating System Principles}"}

@string{USENIXSEC = "{Proc. USENIX Security Symp.}"}

@inproceedings{Heintze:Riecke:Slam,
	author = "Heintze, N. and Riecke, J. G.",
	booktitle = POPL,
	month = jan,
	pages = "365--377",
	title = "{The {SLam} calculus: programming with secrecy and integrity}",
	year = 1998
}

@inproceedings{Abadi+:Core,
	author = "Abadi, M. and Banerjee, A. and Heintze, N. and Riecke, J.",
	booktitle = POPL,
	month = jan,
	pages = "147--160",
	title = "{A Core Calculus of Dependency}",
	year = 1999
}

@inproceedings{Tse:Zdancewic:ICFP04,
	author = "Tse, S. and Zdancewic, S.",
	booktitle = "{Proc. of the Ninth ACM SIGPLAN International Conference on Functional Programming}",
	publisher = "ACM",
	title = "{Translating dependency into parametricity}",
	year = "2004"
}

@inproceedings{Pottier:Simonet:POPL02,
	author = "Pottier, F. and Simonet, V.",
	booktitle = POPL,
	month = jan,
	pages = "319--330",
	title = "{Information Flow Inference for {ML}}",
	year = 2002
}

@unpublished{FlowCaml,
	author = "Simonet, V.",
	month = jul,
	note = "Software release at \url{http://cristal.inria.fr/~simonet/soft/flowcaml/}",
	title = "{The {Flow} {Caml} System}",
	year = 2003
}

@inproceedings{LiZdancewic:CSFW06,
	author = "Li, P. and Zdancewic, S.",
	booktitle = "{CSFW '06: Proc. of the 19th IEEE Workshop on Computer Security Foundations}",
	publisher = "IEEE Computer Society",
	title = "{Encoding {I}nformation {F}low in {H}askell}",
	year = 2006
}

@article{hughes00generalising,
	author = "Hughes, J.",
	journal = "Science of Computer Programming",
	number = "1--3",
	pages = "67--111",
	title = "{Generalising monads to arrows}",
	volume = 37,
	year = 2000
}

@inproceedings{Sabelfeld:Russo:PSI09,
	author = "Sabelfeld, A. and Russo, A.",
	booktitle = "{Proc. Andrei Ershov International Conference on Perspectives of System Informatics}",
	month = jun,
	optpages = "",
	optvolume = 0,
	publisher = SV,
	series = LNCS,
	title = "{From dynamic to static and back: Riding the roller coaster of information-flow control research}",
	year = 2009
}

@inproceedings{Devriese:2011,
	author = "Devriese, Dominique and Piessens, Frank",
	booktitle = "{Proc. of the 7th ACM SIGPLAN Workshop on Types in Language Design and Implementation}",
	publisher = "ACM",
	title = "{Information flow enforcement in monadic libraries}",
	year = "2011"
}

@inproceedings{Atkey06parameterisednotions,
	author = "Atkey, Robert",
	booktitle = "{Workshop on mathematically structured functional programming, ed. Conor McBride and Tarmo Uustalu. Electronic Workshops in Computing, British Computer Society}",
	pages = "31--45",
	title = "{Parameterised notions of computation}",
	year = "2006"
}

@inproceedings{Morgenstern:2010,
	author = "Morgenstern, Jamie and Licata, Daniel R.",
	booktitle = "{Proc. of the 15th ACM SIGPLAN International Conference on Functional Programming}",
	publisher = "ACM",
	title = "{Security-typed programming within dependently typed programming}",
	year = "2010"
}

@inproceedings{Li:2005,
	author = "Li, Peng and Zdancewic, Steve",
	booktitle = "{Proc. of the 18th IEEE workshop on Computer Security Foundations}",
	publisher = "IEEE Computer Society",
	title = "{Practical Information-flow Control in Web-Based Information Systems}",
	year = "2005"
}

@book{O'Sullivan:2008,
	author = "O'Sullivan, Bryan and Goerzen, John and Stewart, Don",
	edition = "1st",
	publisher = "O'Reilly Media, Inc.",
	title = "{Real World Haskell}",
	year = "2008"
}

@article{leijen:haskelldb,
	author = "Leijen, D. and Meijer, E.",
	journal = "ACM SIGPLAN Notices",
	number = "1",
	pages = "109--122",
	publisher = "ACM",
	title = "{Domain specific embedded compilers}",
	volume = "35",
	year = "2000"
}

@conference{bringert:haskelldb,
	author = "Bringert, B. and H{\"o}ckersten, A. and Andersson, C. and Andersson, M. and Bergman, M. and Blomqvist, V. and Martin, T.",
	booktitle = "{Proc. of the 2004 ACM SIGPLAN workshop on Haskell}",
	organization = "ACM",
	pages = "108--115",
	title = "{Student paper: HaskellDB improved}",
	year = "2004"
}

@techreport{Biba,
	author = "Biba, K. J.",
	institution = "MITRE Corp.",
	month = "April",
	number = "ESD-TR-76-372",
	title = "{Integrity Considerations for Secure Computer Systems}",
	year = 1977
}

@inproceedings{thomas:preparedstatements,
	author = "Thomas, Stephen and Williams, Laurie",
	booktitle = "{Proc. of the Third International Workshop on Software Engineering for Secure Systems}",
	publisher = "IEEE Computer Society",
	series = "{SESS '07}",
	title = "{Using Automated Fix Generation to Secure SQL Statements}",
	year = "2007"
}

@inproc.{kiselyov:hlist,
	author = "Kiselyov, Oleg and L{\"a}mmel, Ralf and Schupke, Keean",
	booktitle = "{ACM SIGPLAN Haskell Workshop}",
	month = "September",
	title = "{Strongly Typed Heterogeneous Collections}",
	year = 2004
}

@inproceedings{Davidson:2008,
	author = "Davidson, Susan B. and Freire, Juliana",
	booktitle = "{Proc. of the 2008 ACM SIGMOD international conference on Management of data}",
	publisher = "ACM",
	series = "{SIGMOD '08}",
	title = "{Provenance and scientific workflows: challenges and opportunities}",
	year = "2008"
}

@article{Bose:2005,
	author = "Bose, Rajendra and Frew, James",
	issue = "1",
	journal = "ACM Comput. Surv.",
	month = "March",
	publisher = "ACM",
	title = "{Lineage retrieval for scientific data processing: a survey}",
	volume = "37",
	year = "2005"
}

@article{journals/debu/Tan07,
	author = "Tan, Wang Chiew",
	journal = "IEEE Data Eng. Bull.",
	number = "4",
	pages = "3--12",
	title = "{Provenance in Databases: Past, Current, and Future}",
	volume = "30",
	year = "2007"
}

@inproceedings{Buneman:2002,
	author = "Buneman, Peter and Khanna, Sanjeev and Tan, Wang-Chiew",
	booktitle = "{Proc. of the twenty-first ACM SIGMOD-SIGACT-SIGART Symp. on Principles of database systems}",
	pages = "150--158",
	publisher = "ACM",
	series = "{PODS '02}",
	title = "{On propagation of deletions and annotations through views}",
	year = "2002"
}

@unpublished{jif,
	author = "Myers, A. C. and Zheng, L. and Zdancewic, S. and Chong, S. and Nystrom, N.",
	month = jul,
	note = "Software release. Located at http://www.cs.cornell.edu/jif",
	title = "{{Jif}: {J}ava Information Flow}",
	year = 2001
}

@inproceedings{Zdancewic+:Partitioning,
	author = "Zdancewic, S. and Zheng, L. and Nystrom, N. and Myers, A. C.",
	booktitle = SOSP,
	month = oct,
	title = "{Untrusted Hosts and Confidentiality: Secure Program Partitioning}",
	year = 2001
}

@inproc.{Chong+:SOSP07,
	author = "Chong, S. and Liu, J. and Myers, A. C. and Qi, X. and Vikram, K. and Zheng, L. and Zheng, X.",
	booktitle = SOSP,
	month = oct,
	pages = "31--44",
	title = "{Secure Web Applications via Automatic Partitioning}",
	year = 2007
}

@inproc.{Chong+:USENIXSEC07,
	author = "Chong, S. and Vikram, K. and Myers, A. C.",
	booktitle = USENIXSEC,
	month = aug,
	pages = "1--16",
	title = "{SIF: Enforcing Confidentiality and Integrity in Web Applications}",
	year = 2007
}

@inproceedings{Zheng:2003,
	address = "Washington, DC, USA",
	author = "Zheng, Lantian and Chong, Stephen and Myers, Andrew C. and Zdancewic, Steve",
	booktitle = "{Proc. of the 2003 IEEE Symp. on Security and Privacy}",
	publisher = "IEEE Computer Society",
	series = "{SP '03}",
	title = "{Using Replication and Partitioning to Build Secure Distributed Systems}",
	year = "2003"
}

@article{Li+:2010:arrows,
	author = "Li, P. and Zdancewic, S.",
	journal = "Theoretical Computer Science",
	number = "19",
	pages = "1974--1994",
	publisher = "Elsevier",
	title = "{Arrows for secure information flow}",
	volume = "411",
	year = "2010"
}

@inproceedings{hawkins:2011:data,
	author = "Hawkins, P. and Aiken, A. and Fisher, K. and Rinard, M. and Sagiv, M.",
	booktitle = PLDI,
	title = "{Data Representation Synthesis}",
	year = "2011"
}

@inproceedings{Harrison05,
	author = "Harrison, William L.",
	booktitle = "{In 18th IEEE Computer Security Foundations Workshop}",
	pages = "16--30",
	publisher = "IEEE Computer Society",
	title = "{Achieving information flow security through precise control of effects}",
	year = "2005"
}

@article{Crary:2005,
	author = "Crary, Karl and Kliger, Aleksey and Pfenning, Frank",
	issue = "2",
	journal = "Journal of Functional Programming",
	month = "March",
	numpages = "43",
	pages = "249--291",
	publisher = "Cambridge University Press",
	title = "{A monadic analysis of information flow security with mutable state}",
	volume = "15",
	year = "2005"
}

@inproceedings{Felleisen:1988,
	author = "Felleisen, Mattias",
	booktitle = "{Proc. of the 15th ACM SIGPLAN-SIGACT Symp. on Principles of programming languages}",
	location = "San Diego, California, United States",
	numpages = "11",
	pages = "180--190",
	publisher = "ACM",
	title = "{The theory and practice of first-class prompts}",
	year = "1988"
}

@inproc.{Goguen82,
	author = "Goguen, J.A. and Meseguer, J.",
	booktitle = "{Proc of IEEE Symp. on Security and Privacy}",
	editor = "Press, IEEE Computer Society",
	month = "April",
	pages = "11--20",
	title = "{Security policies and security Models}",
	year = 1982
}

@article{Banerjee:2005,
	author = "Banerjee, Anindya and Naumann, David A.",
	issue = "2",
	journal = "Journal Functional Programming",
	month = "March",
	numpages = "47",
	pages = "131--177",
	publisher = "Cambridge University Press",
	title = "{Stack-based access control and secure information flow}",
	volume = "15",
	year = "2005"
}

@inproceedings{Hunt:2006,
	author = "Hunt, Sebastian and Sands, David",
	booktitle = "{Conference record of the 33rd ACM SIGPLAN-SIGACT Symp. on Principles of programming languages}",
	location = "Charleston, South Carolina, USA",
	numpages = "12",
	pages = "79--90",
	publisher = "ACM",
	series = "{POPL '06}",
	title = "{On flow-sensitive security types}",
	year = "2006"
}

@inproceedings{Russo:2010,
	author = "Russo, Alejandro and Sabelfeld, Andrei",
	booktitle = "{Proc. of the 2010 23rd IEEE Computer Security Foundations Symp.}",
	numpages = "14",
	pages = "186--199",
	publisher = "IEEE Computer Society",
	series = "{CSF '10}",
	title = "{Dynamic vs. Static Flow-Sensitive Security Analysis}",
	year = "2010"
}

@inproceedings{leroy:1998:security,
	author = "Leroy, X. and Rouaix, F.",
	booktitle = "{Proc. of the 25th ACM SIGPLAN-SIGACT Symp. on Principles of programming languages}",
	organization = "ACM",
	pages = "391--403",
	title = "{Security properties of typed applets}",
	year = "1998"
}

@article{banerjee:2005:stack,
	author = "Banerjee, A. and Naumann, D.A.",
	journal = "Journal of Functional Programming",
	number = "02",
	pages = "131--177",
	publisher = "Cambridge Univ Press",
	title = "{Stack-based access control and secure information flow}",
	volume = "15",
	year = "2005"
}

@misc{biba1977integrity,
	author = "Biba, K. J.",
	howpublished = "ESD-TR-76-372",
	title = "{Integrity considerations for secure computer systems}",
	year = "1977"
}

@inproceedings{Hedin:Sands:CSFW06,
	author = "Hedin, D. and Sands, David",
	booktitle = "{Proc. of the 19th IEEE Computer Security Foundations Workshop}",
	publisher = "IEEE Computer Society Press",
	title = "{Noninterference in the presence of non-opaque pointers}",
	year = "2006"
}

@article{Volpano:Smith:Probabilistic,
	author = "Volpano, D. and Smith, G.",
	journal = "J. Computer Security",
	month = nov,
	number = "2--3",
	title = "{Probabilistic Noninterference in a Concurrent Language}",
	volume = 7,
	year = 1999
}

@inproceedings{launchbury1993natural,
	author = "Launchbury, J.",
	booktitle = "{Proc. of the 20th ACM SIGPLAN-SIGACT Symp. on Principles of programming languages}",
	organization = "ACM",
	pages = "144--154",
	title = "{A natural semantics for lazy evaluation}",
	year = "1993"
}

@inproceedings{Chapman:2004,
	author = "Chapman, Roderick and Hilton, Adrian",
	booktitle = "{Proc. of the 2004 annual ACM SIGAda international conference on Ada}",
	publisher = "ACM",
	title = "{Enforcing security and safety models with an information flow analysis tool}",
	year = "2004"
}

@inproceedings{Hedin2011,
	author = "Hedin, D. and Sabelfeld, A.",
	booktitle = "{Proc. of the 2011 Marktoberdorf Summer School}",
	publisher = "{IOS} Press",
	title = "{A Perspective on Information-Flow Control}",
	year = "2011"
}

@inproceedings{Tsai:Russo:Hughes:CSF07,
	author = "Tsai, T. C. and Russo, A. and Hughes, J.",
	booktitle = CSF,
	month = jul,
	title = "{A Library for Secure Multi-threaded Information Flow in {H}askell}",
	year = 2007
}

@inproceedings{CH96,
	author = "Jones, Simon P. and Gordon, Andrew and Finne, Sigbjorn",
	booktitle = "{Proc. of the 23rd ACM SIGPLAN-SIGACT symposium on Principles of programming languages}",
	publisher = "ACM",
	title = "{Concurrent Haskell}",
	year = "1996"
}

@inproceedings{Felten:2000,
	author = "Felten, Edward W. and Schneider, Michael A.",
	booktitle = "{Proc. of the 7th ACM conference on Computer and communications security}",
	publisher = "ACM",
	series = "{CCS '00}",
	title = "{Timing attacks on Web privacy}",
	year = "2000"
}

@inproceedings{Bortz:2007,
	author = "Bortz, Andrew and Boneh, Dan",
	booktitle = "{Proc. of the 16th World Wide Web}",
	publisher = "ACM",
	title = "{Exposing private information by timing web applications}",
	year = "2007"
}

@inproceedings{Kocher:1996,
	author = "Kocher, Paul C.",
	booktitle = "{Proc. of the 16th {CRYPTO}}",
	publisher = "Springer-Verlag",
	title = "{Timing Attacks on Implementations of {D}iffie-{H}ellman, {RSA}, {DSS}, and Other Systems}",
	year = "1996"
}

@article{Wong:2005,
	author = "Wong, Wing H.",
	issue = "3",
	journal = "Crossroads",
	month = "May",
	publisher = "ACM",
	title = "{Timing attacks on {RSA}: revealing your secrets through the fourth dimension}",
	volume = "11",
	year = "2005"
}

@inproceedings{Handschuh:1998,
	author = "Handschuh, Helena and Heys, Howard M.",
	booktitle = "{Proc. of the Selected Areas in Cryptography}",
	publisher = "Springer-Verlag",
	title = "{A Timing Attack on {RC5}}",
	year = "1999"
}

@article{Hedin:2005,
	author = "Hedin, Daniel and Sands, David",
	issue = "1",
	journal = "Elec. Notes Theor. Comput. Sci.",
	publisher = "Elsevier Science Publishers B. V.",
	title = "{Timing Aware Information Flow Security for a {J}avaCard-like Bytecode}",
	volume = "141",
	year = "2005"
}

@article{Barthe:2006,
	author = "Barthe, Gilles and Rezk, Tamara and Warnier, Martijn",
	issue = "2",
	journal = "Electron. Notes Theor. Comput. Sci.",
	month = "May",
	publisher = "Elsevier Science Publishers B. V.",
	title = "{Preventing Timing Leaks Through Transactional Branching Instructions}",
	volume = "153",
	year = "2006"
}

@inproceedings{Agat:Timing,
	author = "Agat, J.",
	booktitle = POPL,
	month = jan,
	pages = "40--53",
	title = "{Transforming out timing leaks}",
	year = 2000
}

@inproceedings{Askarov:2010,
	author = "Askarov, Aslan and Zhang, Danfeng and Myers, Andrew C.",
	booktitle = "{Proc. of the 17th ACM conference on Computer and Communications Security}",
	publisher = "ACM",
	title = "{Predictive black-box mitigation of timing channels}",
	year = 2010
}

@inproceedings{Zhang:2011,
	author = "Zhang, Danfeng and Askarov, Aslan and Myers, Andrew C.",
	booktitle = "{Proc. of the 18th ACM conference on Computer and Communications Security}",
	publisher = "ACM",
	title = "{Predictive mitigation of timing channels in interactive systems}",
	year = "2011"
}

@inproceedings{Liang95monadtransformers,
	author = "Liang, Sheng and Hudak, Paul and Jones, Mark",
	booktitle = "{In Proc. of the 22nd ACM Symposium on Principles of Programming Languages. ACMPress}",
	title = "{Monad Transformers and Modular Interpreters}",
	year = "1995"
}

@inproceedings{stefan:lio,
	author = "Stefan, Deian and Russo, Alejandro and Mitchell, John C. and Mazi{\`e}res, David",
	booktitle = "{Haskell Symposium}",
	month = "September",
	organization = "ACM SIGPLAN",
	title = "{Flexible Dynamic Information Flow Control in {Haskell}}",
	year = "2011"
}

@inproceedings{Jaskelioff:SME,
	author = "Jaskelioff, M. and Russo, A.",
	booktitle = "{Proc. Andrei Ershov International Conference on Perspectives of System Informatics}",
	month = jun,
	publisher = SV,
	series = LNCS,
	title = "{Secure multi-execution in {H}askell}",
	year = 2011
}

@inproceedings{brumley:remote,
	author = "Brumley, D. and Boneh, D.",
	booktitle = "{Proc. of the 12th conference on USENIX Security Symposium-Volume 12}",
	organization = "USENIX Association",
	pages = "1--1",
	title = "{Remote timing attacks are practical}",
	year = "2003"
}

@article{coppersmith1997small,
	author = "Coppersmith, D.",
	journal = "Journal of Cryptology",
	number = "4",
	publisher = "Springer",
	title = "{Small solutions to polynomial equations, and low exponent RSA vulnerabilities}",
	volume = "10",
	year = "1997"
}

@inproceedings{Smith:CSFW01,
	author = "Smith, G.",
	booktitle = CSFW,
	month = jun,
	title = "{A New Type System for Secure Information Flow}",
	year = 2001
}

@inproceedings{Castellani:Boudol:ICALP01,
	author = "Boudol and Castellani",
	booktitle = "{Proc. ICALP'01}",
	month = jul,
	publisher = SV,
	series = LNCS,
	title = "{Noninterference for Concurrent Programs}",
	volume = 2076,
	year = 2001
}

@inproceedings{Zdancewic:Myers:CSFW03,
	author = "Zdancewic, S. and Myers, A. C.",
	booktitle = CSFW,
	month = jun,
	pages = "29--43",
	title = "{Observational Determinism for Concurrent Program Security}",
	year = 2003
}

@inproceedings{Russo:Sabelfeld:CSFW06,
	author = "Russo, A. and Sabelfeld, A.",
	booktitle = CSFW,
	month = jul,
	pages = "177--189",
	title = "{Securing Interaction between Threads and the Scheduler}",
	year = 2006
}

@inproceedings{Russo:Sabelfeld:PSI06,
	author = "Russo, A. and Sabelfeld, A.",
	booktitle = PSI,
	month = jun,
	optpages = "",
	optvolume = 0,
	publisher = SV,
	series = LNCS,
	title = "{Security for Multithreaded Programs under Cooperative Scheduling}",
	year = 2006
}

@inproceedings{Russo+:ASIAN06,
	author = "Russo, A. and Hughes, J. and Naumann, D. and Sabelfeld, A.",
	booktitle = ASIAN,
	month = dec,
	optnote = "To appear.",
	optpages = "129--145",
	optvolume = 3302,
	publisher = SV,
	series = LNCS,
	title = "{Closing Internal Timing Channels by Transformation}",
	year = 2006
}

@inproceedings{Smith:Volpano:MultiThreaded,
	author = "Smith, G. and Volpano, D.",
	booktitle = POPL,
	month = jan,
	pages = "355--364",
	title = "{Secure Information Flow in a Multi-threaded Imperative Language}",
	year = 1998
}

@inproceedings{Smith:CSFW03,
	author = "Smith",
	booktitle = CSFW,
	pages = "3--13",
	title = "{Probabilistic Noninterference through Weak Probabilistic Bisimulation}",
	year = 2003
}

@inproceedings{Huisman:Worah:Sunesen:CSFW06,
	author = "Huisman, M. and Worah, P. and Sunesen, K.",
	booktitle = CSFW,
	month = jul,
	title = "{A temporal logic characterisation of observational determinism}",
	year = 2006
}

@inproceedings{Terauchi:2008,
	author = "Terauchi, Tachio",
	booktitle = "{Proc. of the 2008 21st IEEE Computer Security Foundations Symposium}",
	pages = "287--300",
	publisher = "IEEE Computer Society",
	title = "{A Type System for Observational Determinism}",
	year = "2008"
}

%{G. Boudol and I. Castellani},

@article{Castellani:Boudol:TCS02,
	author = "Boudol, G{\'e}rard and Castellani, Ilaria",
	journal = TCS,
	month = jun,
	number = 1,
	title = "{Non-interference for concurrent programs and thread systems}",
	volume = 281,
	year = 2002
}

@inproceedings{Volpano:1997:ECF:794197.795081,
	author = "Volpano, Dennis and Smith, Geoffrey",
	booktitle = "{Proc. of the 10th IEEE workshop on Computer Security Foundations}",
	publisher = "IEEE Computer Society",
	series = "{CSFW '97}",
	title = "{Eliminating Covert Flows with Minimum Typings}",
	year = "1997"
}

@inproceedings{Kopf:Mantel:FAST05,
	author = "K{\"o}pf, B. and Mantel, H.",
	booktitle = "{Formal Aspects in Security and Trust, Third International Workshop (FAST'05)}",
	month = jul,
	publisher = SV,
	series = LNCS,
	title = "{Eliminating Implicit Information Leaks by Transformational Typing and Unification}",
	volume = 3866,
	year = 2006
}

@inproceedings{Sabelfeld:Sands:CSFW00,
	author = "Sabelfeld, A. and Sands, D.",
	booktitle = CSFW,
	month = jul,
	pages = "200--214",
	title = "{Probabilistic Noninterference for Multi-threaded Programs}",
	year = 2000
}

@inproceedings{Sabelfeld:PSI01,
	author = "Sabelfeld, A.",
	booktitle = "{Proc. Andrei Ershov International Conference on Perspectives of System Informatics}",
	month = jul,
	pages = "225--239",
	publisher = SV,
	series = LNCS,
	title = "{The Impact of Synchronisation on Secure Information Flow in Concurrent Programs}",
	volume = 2244,
	year = 2001
}

@inproceedings{Sabelfeld:Mantel:SAS02,
	author = "Sabelfeld, A. and Mantel, H.",
	booktitle = SAS,
	month = sep,
	pages = "376--394",
	publisher = SV,
	series = LNCS,
	title = "{Static Confidentiality Enforcement for Distributed Programs}",
	volume = 2477,
	year = 2002
}

@inproceedings{Devriese:2010,
	author = "Devriese, D. and Piessens, F.",
	booktitle = "{Proc. of the 2010 IEEE Symposium on Security and Privacy}",
	publisher = "IEEE Computer Society",
	series = "{SP '10}",
	title = "{Noninterference through Secure Multi-execution}",
	year = "2010"
}

@inproceedings{Kashyap:2011,
	author = "Kashyap, V. and Wiedermann, B. and Hardekopf, B.",
	booktitle = "{Proc. of IEEE Symposium on Sec. and Privacy}",
	publisher = "IEEE",
	title = "{Timing- and Termination-Sensitive Secure Information Flow: Exploring a New Approach}",
	year = "2011"
}

@inproceedings{BartheRRS07,
	author = "Barthe, G. and Rezk, T. and Russo, A. and Sabelfeld, A.",
	booktitle = ESORICS,
	month = sep,
	pages = "2--18",
	title = "{Security of Multithreaded Programs by Compilation}",
	year = 2007
}

@inproceedings{Russo+:Haskell08,
	author = "Russo, A. and Claessen, K. and Hughes, J.",
	booktitle = HASKELL,
	month = sep,
	pages = "13--24",
	publisher = "ACM Press",
	title = "{A library for light-weight information-flow security in {H}askell}",
	year = 2008
}

@inproceedings{Epstein:2011,
	author = "Epstein, Jeff and Black, Andrew P. and Peyton-Jones, Simon",
	booktitle = "{Proc. of the 4th ACM symposium on {H}askell}",
	publisher = "ACM",
	title = "{Towards {H}askell in the cloud}",
	year = "2011"
}

@inproceedings{Zhang:2012,
	author = "Zhang, Danfeng and Askarov, Aslan and Myers, Andrew C.",
	booktitle = PLDI,
	publisher = "ACM",
	title = "{Language-based Control and Mitigation of Timing Channels}",
	year = "2012"
}

@inproceedings{Mantel:2006:CDP,
	author = "Mantel, Heiko and Sudbrock, Henning and Krausser, Tina",
	booktitle = "{Proc. of the 16th international conference on Logic-based program synthesis and transformation}",
	publisher = "Springer-Verlag",
	series = "{LOPSTR'06}",
	title = "{Combining different proof techniques for verifying information flow security}",
	year = "2007"
}

@inproceedings{Guernic:2007:ACM,
	author = "Le Guernic, Gurvan",
	booktitle = "{Proc. of the 20th IEEE Computer Security Foundations Symposium}",
	publisher = "IEEE Computer Society",
	series = "{CSF '07}",
	title = "{Automaton-based Confidentiality Monitoring of Concurrent Programs}",
	year = "2007"
}

@article{Mcilroy92multilevelsecurity,
	author = "Mcilroy, M. D. and Reeds, J. A.",
	journal = "Software---Practice and Experience",
	pages = "673--694",
	title = "{Multilevel Security in the UNIX Tradition}",
	volume = "22",
	year = "1992"
}

@inproceedings{Efstathopoulos:2005,
	author = "Efstathopoulos, Petros and Krohn, Maxwell and VanDeBogart, Steve and Frey, Cliff and Ziegler, David and Kohler, Eddie and Mazi{\`e}res, David and Kaashoek, Frans and Morris, Robert",
	booktitle = "{Proc. of the twentieth ACM symp. on Operating systems principles}",
	publisher = "ACM",
	series = "{SOSP '05}",
	title = "{Labels and event processes in the {A}sbestos operating system}",
	year = "2005"
}

@inproceedings{Zeldovich:2006,
	author = "Zeldovich, Nickolai and Boyd-Wickizer, Silas and Kohler, Eddie and Mazi{\`e}res, David",
	booktitle = "{Proc. of the 7th USENIX Symp. on Operating Systems Design and Implementation}",
	publisher = "USENIX",
	title = "{Making information flow explicit in HiStar}",
	year = "2006"
}

@inproceedings{Honda:2000:SIF,
	author = "Honda, Kohei and Vasconcelos, Vasco Thudichum and Yoshida, Nobuko",
	booktitle = "{Proc. of the 9th European Symposium on Programming Languages and Systems}",
	publisher = "Springer-Verlag",
	title = "{Secure Information Flow as Typed Process Behaviour}",
	year = "2000"
}

@article{Honda:2007:POPL,
	author = "Honda, Kohei and Yoshida, Nobuko",
	issue_date = "October 2007",
	journal = "ACM Trans. Program. Lang. Syst.",
	month = oct,
	publisher = "ACM",
	title = "{A uniform type structure for secure information flow}",
	year = "2007"
}

@inproceedings{Pottier02asimple,
	author = "Pottier, Fran\c{c}ois",
	booktitle = "{In Proc. of the 15th IEEE Computer Security Foundations Workshop}",
	pages = "320--330",
	title = "{A Simple View of Type-Secure Information Flow in the $\pi$-Calculus}",
	year = "2002"
}

@article{Kobayashi:2005:TIF,
	author = "Kobayashi, Naoki",
	issue_date = "December 2005",
	journal = "Acta Inf.",
	month = dec,
	number = "4",
	publisher = "Springer-Verlag New York, Inc.",
	title = "{Type-based information flow analysis for the $\pi$-calculus}",
	volume = "42",
	year = "2005"
}

@article{Hennessy:2002:IFV,
	author = "Hennessy, Matthew and Riely, James",
	issue_date = "September 2002",
	journal = "ACM Trans. Program. Lang. Syst.",
	month = sep,
	number = "5",
	publisher = "ACM",
	title = "{Information flow vs. resource access in the asynchronous pi-calculus}",
	volume = "24",
	year = "2002"
}

@inproceedings{Louw:2010,
	address = "Berkeley, CA, USA",
	author = "Louw, Mike Ter and Ganesh, Karthik Thotta and Venkatakrishnan, V. N.",
	booktitle = "{Proceedings of the 19th {USENIX} conference on Security}",
	publisher = "{USENIX} Association",
	series = "{USENIX Security'10}",
	title = "{Ad{J}ail: practical enforcement of confidentiality and integrity policies on web advertisements}",
	year = "2010"
}

@inproceedings{DBLP:conf/csfw/HedinS12,
	author = "Hedin, Daniel and Sabelfeld, Andrei",
	booktitle = CSF,
	publisher = "IEEE Computer Society",
	title = "{Information-Flow Security for a Core of {J}ava{S}cript}",
	year = "2012"
}

@inproceedings{Magazinius:2010:LAM:1755688.1755691,
	author = "Magazinius, Jonas and Askarov, Aslan and Sabelfeld, Andrei",
	booktitle = "{Proceedings of the 5th ACM Symposium on Information, Computer and Communications Security}",
	publisher = "ACM",
	series = "{ASIACCS '10}",
	title = "{A lattice-based approach to mashup security}",
	year = "2010"
}

@inproceedings{Bohannon:2009:RN:1653662.1653673,
	author = "Bohannon, Aaron and Pierce, Benjamin C. and Sj{\"o}berg, Vilhelm and Weirich, Stephanie and Zdancewic, Steve",
	booktitle = "{Proceedings of the 16th ACM Conference on Computer and Communications Security}",
	publisher = "ACM",
	series = "{CCS '09}",
	title = "{Reactive noninterference}",
	year = 2009
}

@inproceedings{Jang:2010:ESP:1866307.1866339,
	author = "Jang, Dongseok and Jhala, Ranjit and Lerner, Sorin and Shacham, Hovav",
	booktitle = "{Proceedings of the 17th ACM conference on Computer and communications security}",
	publisher = "ACM",
	series = "{CCS '10}",
	title = "{An empirical study of privacy-violating information flows in {J}ava{S}cript web applications}",
	year = 2010
}

@inproceedings{Vogt+:NDSS07,
	author = "Vogt, P. and Nentwich, F. and Jovanovic, N. and Kirda, E. and Kruegel, C. and Vigna, G.",
	booktitle = NDSS,
	month = feb,
	title = "{Cross-Site Scripting Prevention with Dynamic Data Tainting and Static Analysis}",
	year = 2007
}

@misc{OWASP:Top10:2010,
	author = "Williams and Wichers, D.",
	howpublished = "\url{http://www.owasp.org/index.php/Top\_10\_2010}",
	title = "{{OWASP Top} 10 2010}",
	year = 2010
}

@article{Schneider:2000:ESP:353323.353382,
	author = "Schneider, Fred B.",
	issue_date = "Feb. 2000",
	journal = "ACM Trans. Inf. Syst. Secur.",
	publisher = "ACM",
	title = "{Enforceable security policies}",
	year = "2000"
}

@inproceedings{Goguen:Meseguer:Noninterference,
	author = "Goguen, J. A. and Meseguer, J.",
	booktitle = SSP,
	month = apr,
	pages = "11--20",
	title = "{Security Policies and Security Models}",
	year = 1982
}

@inproceedings{DeGroef:2012:FWB:2382196.2382275,
	author = "{De Groef}, Willem and Devriese, Dominique and Nikiforakis, Nick and Piessens, Frank",
	booktitle = "{Proceedings of the 2012 ACM conference on Computer and communications security}",
	publisher = "ACM",
	series = "{CCS '12}",
	title = "{Flow{F}ox: a web browser with flexible and precise information flow control}",
	year = 2012
}

@inproceedings{KULeuven-350547,
	author = "Barthe, Gilles and Crespo, Juan Manuel and Devriese, Dominique and Piessens, Frank and Rivas, Exequiel",
	booktitle = "{Formal Techniques for Distributed Systems (FMOODS/FORTE 2012)}",
	month = "June",
	title = "{Secure multi-execution through static program transformation}",
	year = "2012"
}

@inproceedings{Austin:2012:MFD:2103621.2103677,
	author = "Austin, Thomas H. and Flanagan, Cormac",
	booktitle = "{Proceedings of the 39th annual ACM SIGPLAN-SIGACT symposium on Principles of programming languages}",
	publisher = "ACM",
	series = "{POPL '12}",
	title = "{Multiple facets for dynamic information flow}",
	year = "2012"
}

@inproceedings{McLean:1994:GTC:882490.884224,
	author = "McLean, John",
	booktitle = "{Proceedings of the 1994 IEEE Symposium on Security and Privacy}",
	publisher = "IEEE Computer Society",
	series = "{SP '94}",
	title = "{A General Theory of Composition for Trace Sets Closed under Selective Interleaving Functions}",
	year = "1994"
}

@article{Hamlen:2006:CCE,
	author = "Hamlen, Kevin W. and Morrisett, Greg and Schneider, Fred B.",
	issue_date = "January 2006",
	journal = "ACM Trans. Program. Lang. Syst.",
	month = jan,
	publisher = "ACM",
	title = "{Computability classes for enforcement mechanisms}",
	year = "2006"
}

@article{ligatti+:editauto,
	author = "Ligatti, Jay and Bauer, Lujo and Walker, David",
	journal = "International Journal of Information Security",
	month = feb,
	publisher = "Springer-Verlag",
	title = "{Edit Automata: Enforcement Mechanisms for Run-time Security Policies}",
	year = "2005"
}

@inproceedings{Barthe:2004:SIF,
	author = "Barthe, Gilles and D'Argenio, Pedro R. and Rezk, Tamara",
	booktitle = "{Proceedings of the 17th IEEE workshop on Computer Security Foundations}",
	publisher = "IEEE Computer Society",
	series = "{CSFW '04}",
	title = "{Secure Information Flow by Self-Composition}",
	year = "2004"
}

@inproceedings{Terauchi:2005:SIF,
	author = "Terauchi, Tachio and Aiken, Alex",
	booktitle = "{Proceedings of the 12th international conference on Static Analysis}",
	publisher = "Springer-Verlag",
	series = "{SAS'05}",
	title = "{Secure information flow as a safety problem}",
	year = "2005"
}

@inproceedings{Darvas:2005:TPA:2154040.2154072,
	author = "Darvas, {\'A}d{\'a}m and H{\"a}hnle, Reiner and Sands, David",
	booktitle = "{Proceedings of the Second international conference on Security in Pervasive Computing}",
	publisher = "Springer-Verlag",
	series = "{SPC'05}",
	title = "{A theorem proving approach to analysis of secure information flow}",
	year = "2005"
}

@inproceedings{Austin:Flanagan:PLAS09,
	author = "Austin, T. H. and Flanagan, C.",
	booktitle = "{Proc. ACM Workshop on Programming Languages and Analysis for Security (PLAS)}",
	month = jun,
	title = "{Efficient Purely-Dynamic Information Flow Analysis}",
	year = 2009
}

@inproceedings{Askarov:2009,
	address = "Washington, DC, USA",
	author = "Askarov, Aslan and Sabelfeld, Andrei",
	booktitle = "{Proceedings of the 22nd IEEE Computer Security Foundations Symposium}",
	publisher = "IEEE Computer Society",
	title = "{Tight Enforcement of Information-Release Policies for Dynamic Languages}",
	year = "2009"
}

@inproceedings{Russo:Sabelfeld:CSF09,
	author = "Russo, A. and Sabelfeld, A.",
	booktitle = CSF,
	month = jul,
	publisher = "IEEE Computer Society",
	title = "{Securing Timeout Instructions in Web Applications}",
	year = 2009
}

@inproceedings{Austin:Flanagan:PLAS10,
	author = "Austin, Thomas H. and Flanagan, Cormac",
	booktitle = "{Proceedings of the 5th ACM SIGPLAN Workshop on Programming Languages and Analysis for Security}",
	publisher = "ACM",
	series = "{PLAS '10}",
	title = "{Permissive dynamic information flow analysis}",
	year = "2010"
}

@inproceedings{Jackson:2006:PBS,
	author = "Jackson, Collin and Bortz, Andrew and Boneh, Dan and Mitchell, John C.",
	booktitle = "{Proceedings of the 15th international conference on World Wide Web}",
	publisher = "ACM",
	series = "{WWW '06}",
	title = "{Protecting browser state from web privacy attacks}",
	year = 2006
}

@inproceedings{swierstra-altenkirch:beast,
	author = "Swierstra, Wouter and Altenkirch, Thorsten",
	booktitle = "{Haskell '07: Proceedings of the ACM SIGPLAN Workshop on Haskell}",
	location = "Freiburg, Germany",
	pages = "25--36",
	title = "{Beauty in the Beast: A Functional Semantics of the Awkward Squad}",
	year = "2007"
}

@phdthesis{swierstra:thesis,
	author = "Swierstra, Wouter",
	month = "November",
	school = "University of Nottingham",
	title = "{A Functional Specification of Effects}",
	year = "2008"
}

@article{jacobs-tutorial,
	author = "Jacobs, Bart and Rutten, Jan",
	journal = "{Bulletin of the European Association for Theoretical Computer Science}",
	pages = "222--259",
	title = "{A Tutorial on (Co)Algebras and (Co)Induction}",
	volume = 62,
	year = 1997
}

@inproceedings{Biel-etal-11-TR,
	author = "Bielova, Nataliia and Devriese, Dominique and Massacci, Fabio and Piessens, Frank",
	booktitle = "{Proceedings of the 5th International Conference on Network and System Security (NSS 2011),}",
	month = sep,
	title = "{Reactive non-interference for a browser model}",
	year = "2011"
}

@inproceedings{Rafnsson:2011,
	author = "Rafnsson, Willard and Sabelfeld, Andrei",
	booktitle = "{Proceedings of the ACM SIGPLAN 6th Workshop on Programming Languages and Analysis for Security}",
	isbn = "978-1-4503-0830-4",
	publisher = "ACM",
	series = "{PLAS '11}",
	title = "{Limiting information leakage in event-based communication}",
	year = "2011"
}

@inproceedings{DBLP:conf/sec/MagaziniusRS10,
	author = "Magazinius, Jonas and Russo, Alejandro and Sabelfeld, Andrei",
	booktitle = "{Proceedings of the International Information Security Conference}",
	series = "{SEC}",
	title = "{On-the-fly Inlining of Dynamic Security Monitors}",
	year = "2010"
}

@misc{csf-ext,
	author = "Zanarini, Dante and Jaskelioff, Mauro and Russo, Alejandro",
	note = "Available at \url{http://www.fceia.unr.edu.ar/~dante}",
	title = "{Precise Enforcement of Confidentiality for Reactive Systems: Extended Version}",
	year = "2013"
}

@inproceedings{Bohannon:2010:FFF:1863166.1863177,
	author = "Bohannon, Aaron and Pierce, Benjamin C.",
	booktitle = "{Proceedings of the 2010 USENIX conference on Web application development}",
	publisher = "USENIX Association",
	series = "{WebApps'10}",
	title = "{Featherweight {F}irefox: formalizing the core of a web browser}",
	year = "2010"
}

@inproceedings{Capizzi:2008,
	author = "Capizzi, Roberto and Longo, Antonio and Venkatakrishnan, V. N. and Sistla, A. Prasad",
	booktitle = "{Proceedings of the 2008 Annual Computer Security Applications Conference}",
	publisher = "IEEE Computer Society",
	series = "{ACSAC '08}",
	title = "{Preventing Information Leaks through Shadow Executions}",
	year = "2008"
}

@inproceedings{Cristia:2009,
	author = "Cristi{\'a}, Maximiliano and Mata, Pablo",
	booktitle = "{Workshop de Seguridad Inform{\'a}tica WSEGI 2009, Argentina}",
	series = "{38 JAIIO}",
	title = "{Runtime Enforcement of Noninterference by Duplicating Processes and their Memories}",
	year = "2009"
}

@inproceedings{Askarov:2008,
	author = "Askarov, Aslan and Hunt, Sebastian and Sabelfeld, Andrei and Sands, David",
	booktitle = "{Proceedings of the 13th European Symposium on Research in Computer Security: Computer Security}",
	publisher = "Springer-Verlag",
	series = "{ESORICS '08}",
	title = "{Termination-Insensitive Noninterference Leaks More Than Just a Bit}",
	year = 2008
}

@inproceedings{hancockSetzer:InteractivePrograms:CSL2000,
	author = "Hancock, Peter and Setzer, Anton",
	booktitle = "{Computer Science Logic. 14th international workshop, CSL 2000}",
	editor = "Clote, P. and Schwichtenberg, H.",
	pages = "317 -- 331",
	series = "{Springer Lecture Notes in Computer Science, Vol. 1862}",
	title = "{Interactive programs in dependent type theory}",
	year = "2000"
}

@inproceedings{DBLP:conf/csfw/RafnssonHS12,
	author = "Rafnsson, Willard and Hedin, Daniel and Sabelfeld, Andrei",
	booktitle = CSF,
	publisher = "IEEE Computer Society",
	title = "{Securing Interactive Programs}",
	year = 2012
}

@inproceedings{Shroff:2007,
	author = "Shroff, Paritosh and Smith, Scott and Thober, Mark",
	booktitle = "{Proceedings of the 20th IEEE Computer Security Foundations Symposium}",
	publisher = "IEEE Computer Society",
	series = "{CSF '07}",
	title = "{Dynamic Dependency Monitoring to Secure Information Flow}",
	year = "2007"
}

@article{Denning:Denning:Certification,
	author = "Denning, D. E. and Denning, P. J.",
	journal = CACM,
	month = jul,
	number = 7,
	pages = "504--513",
	title = "{Certification of Programs for Secure Information Flow}",
	volume = 20,
	year = 1977
}

@article{Volpano:Smith:Irvine:Sound,
	author = "Volpano, D. and Smith, G. and Irvine, C.",
	journal = JCS,
	number = 3,
	pages = "167--187",
	title = "{A Sound Type System for Secure Flow Analysis}",
	volume = 4,
	year = 1996
}

@article{Sabelfeld:Myers:JSAC,
	author = "Sabelfeld, A. and Myers, A. C.",
	journal = "IEEE J. Selected Areas in Communications",
	month = jan,
	number = 1,
	pages = "5--19",
	title = "{Language-Based Information-Flow Security}",
	volume = 21,
	year = 2003
}

@inproceedings{Sabelfeld:Sands:CSFW05,
	author = "Sabelfeld, A. and Sands, D.",
	booktitle = CSFW,
	month = jun,
	optaddress = "",
	optannote = "",
	optcrossref = "",
	opteditor = "",
	optkey = "",
	optnumber = "",
	optorganization = "",
	optpublisher = "",
	optseries = "",
	optvolume = "",
	pages = "255--269",
	title = "{Dimensions and Principles of Declassification}",
	year = 2005
}

@inproceedings{Sabelfeld:Myers:ISSS03,
	author = "Sabelfeld, A. and Myers, A. C.",
	booktitle = "{Proc. International Symp. on Software Security (ISSS'03)}",
	month = oct,
	pages = "174--191",
	publisher = SV,
	series = LNCS,
	title = "{A Model for Delimited Information Release}",
	volume = 3233,
	year = 2004
}

@unpublished{Rafnson:2013,
	author = "Rafnsson, Willard and Sabelfeld, Andrei",
	month = feb,
	note = "Submitted",
	title = "{Secure multi-execution: fine-grained, declassification-aware, and transparent}",
	year = 2013
}

@InProceedings{DHS03,
  author = 	 {A. Darvas and R. H\"{a}hnle and David Sands},
title = 	 {A Theorem Proving Approach to Analysis of Secure Information
  Flow (preliminary version)},
  booktitle =	 {Workshop on Issues in the Theory of Security, WITS},
  year =	 {2003},
  editor =	 {Roberto Gorrieri},
}


@inproceedings{Hedin13,
	author = "Hedin, Daniel and Birgisson, Arnar and Bello, Luciano and Sabelfeld, Andrei",
	booktitle = {{Proc. ACM Symposium on Applied Computing (SAC)}},
	publisher = "ACM",
	title = "{JSFlow}: Tracking information flow in {J}ava{S}cript and its {API}s",
        month = mar, 
	year = "2014"
}


@inproceedings{Enck:2010,
 author = {Enck, William and Gilbert, Peter and Chun, Byung-Gon and Cox, Landon P. and Jung, Jaeyeon and McDaniel, Patrick and Sheth, Anmol N.},
 title = {{TaintDroid: An Information-flow Tracking System for Realtime Privacy Monitoring on Smartphones}},
 booktitle = {Proceedings of the 9th USENIX Conference on Operating Systems Design and Implementation},
 series = {OSDI'10},
 year = {2010},
 publisher = {USENIX Association},
} 
@inproceedings{android:esorics13,
  title =        {Run-Time Enforcement of Information-Flow Properties on {A}ndroid (Extended Abstract)},
  author =       {Limin Jia and Jassim Aljuraidan and Elli Fragkaki and Lujo Bauer and Michael Stroucken and Kazuhide Fukushima and Shinsaku Kiyomoto and Yutaka Miyake},
  booktitle =    {Computer Security---ESORICS 2013: 18th European Symposium on Research in Computer Security},
  year =         {2013},
  month =        sep,
  publisher =    {Springer},
}

@inproceedings{Stefan:2011,
 author = {Stefan, Deian and Russo, Alejandro and Mazi\`{e}res, David and Mitchell, John C.},
 title = {Disjunction Category Labels},
 booktitle = {Proceedings of the 16th Nordic Conference on Information Security Technology for Applications},
 series = {NordSec'11},
 year = {2012},
 publisher = {Springer-Verlag},
} 

@article{10.1109/SP.2013.10,
author = {Catalin Hritcu and Michael Greenberg and Ben Karel and Benjamin C. Pierce and Greg Morrisett},
title = {{All Your IFCException Are Belong to Us}},
journal ={2012 IEEE Symposium on Security and Privacy},
volume = {0},
year = {2013},
publisher = {IEEE Computer Society},
address = {Los Alamitos, CA, USA},
}


@inproceedings{BonelliCM05,
  author = {Bonelli, Eduardo and Compagnoni, Adriana B. and Medel, Ricardo},
  booktitle = {CASSIS},
  year = 2006,
  editor = {Barthe, Gilles and Grégoire, Benjamin and Huisman, Marieke and Lanet, Jean-Louis},
  pages = {37-56}
}
@article{seL4IF,
author = {Toby Murray and Daniel Matichuk and Matthew Brassil and Peter Gammie and Timothy Bourke and Sean Seefried and Corey Lewis and Xin Gao and Gerwin Klein},
title = {seL4: From General Purpose to a Proof of Information Flow Enforcement},
journal ={2012 IEEE Symposium on Security and Privacy},
volume = {0},
year = {2013},
publisher = {IEEE Computer Society},
}

@INPROCEEDINGS{Krohn, 
author={Krohn, M. and Tromer, E.}, 
booktitle={Security and Privacy, 2009 30th IEEE Symposium on}, 
title={Noninterference for a Practical DIFC-Based Operating System}, 
year={2009}, 
month={May}, 
}

@inproceedings{Amtoft:2006,
 author = {Amtoft, Torben and Bandhakavi, Sruthi and Banerjee, Anindya},
 title = {A Logic for Information Flow in Object-oriented Programs},
 booktitle = {Conference Record of the 33rd ACM SIGPLAN-SIGACT Symposium on Principles of Programming Languages},
 series = {POPL '06},
 year = {2006},
 publisher = {ACM},
} 

@inproceedings{Nanevski:2011,
 author = {Nanevski, Aleksandar and Banerjee, Anindya and Garg, Deepak},
 title = {Verification of Information Flow and Access Control Policies with Dependent Types},
 booktitle = {Proceedings of the 2011 IEEE Symposium on Security and Privacy},
 series = {SP '11},
 year = {2011},
 publisher = {IEEE Computer Society},
} 

@inproceedings{Russo:2009,
 author = {Russo, Alejandro and Sabelfeld, Andrei and Chudnov, Andrey},
 title = {Tracking Information Flow in Dynamic Tree Structures},
 booktitle = {Proceedings of the 14th European Conference on Research in Computer Security},
 series = {ESORICS'09},
 year = {2009},
 publisher = {Springer-Verlag},
} 

@inproceedings{Arnar2012,
  author    = {Arnar Birgisson and
               Daniel Hedin and
               Andrei Sabelfeld},
  title     = {Boosting the Permissiveness of Dynamic Information-Flow
               Tracking by Testing},
  booktitle = ESORICS,
  year      = {2012},
}

@inproceedings{LeGuernic:2006,
 author = {Le Guernic, Gurvan and Banerjee, Anindya and Jensen, Thomas and Schmidt, David A.},
 title = {Automata-based Confidentiality Monitoring},
 booktitle = {Proceedings of the 11th Asian Computing Science Conference on Advances in Computer Science: Secure Software and Related Issues},
 series = {ASIAN'06},
 year = {2006},
 publisher = {Springer-Verlag},
} 
@article{felleisen1992revised,
  title={The revised report on the syntactic theories of sequential control and state},
  author={Felleisen, Matthias and Hieb, Robert},
  journal={Theoretical computer science},
  volume={103},
  number={2},
  pages={235--271},
  year={1992},
  publisher={Elsevier}
}
@misc{extended,
author = {Pablo Buiras and Deian Stefan and Alejandro Russo and David Mazi{\`e}res},
title = {On Dynamic Flow-sensitive Floating Label Systems: Extended version},
howpublished = {\url{http://www.cse.chalmers.se/~buiras/fslio.html}},
year = 2014
}

@INPROCEEDINGS{4556677, 
author={Bandhakavi, S. and Winsborough, W. and Winslett, M.}, 
booktitle=CSF, 
title={A Trust Management Approach for Flexible Policy Management in Security-Typed Languages}, 
year={2008}, 
month={June}, 
publisher = "IEEE Computer Society",}


@inproceedings{rafnsson2012securing,
  title={Securing interactive programs},
  author={Rafnsson, Willard and Hedin, Daniel and Sabelfeld, Andrei},
  booktitle={Computer Security Foundations Symposium (CSF), 2012 IEEE 25th},
  pages={293--307},
  year={2012},
  organization={IEEE}
}

@TECHREPORT{Zdancewic02programminglanguages,
    author = {Stephan Arthur Zdancewic},
    title = {{PhD} thesis: Programming Languages for Information Security},
    institution = {Cornell {U}niversity},
    year = {2002}
}


@inproceedings{Foster:2002:FTQ:512529.512531,
 author = {Foster, Jeffrey S. and Terauchi, Tachio and Aiken, Alex},
 title = {Flow-sensitive Type Qualifiers},
 booktitle = {Proceedings of the ACM SIGPLAN 2002 Conference on Programming Language Design and Implementation},
 series = {PLDI '02},
 year = {2002},
 publisher = {ACM},
} 


@article{stefan:2012:arxiv-flexible,
  title={Flexible Dynamic Information Flow Control in the Presence of Exceptions},
  author={Deian Stefan and Alejandro Russo and John C. Mitchell and David Mazi\`eres},
  journal={Arxiv preprint arXiv:1207.1457},
  year={2012}
}
